%A %%%
@ARTICLE{Adelman-McCarthy2006,
   author = {{Adelman-McCarthy}, J.~K. and {Ag{\"u}eros}, M.~A. and {Allam}, S.~S. and
	{Anderson}, K.~S.~J. and {Anderson}, S.~F. and {Annis}, J. and
	{Bahcall}, N.~A. and {Baldry}, I.~K. and {Barentine}, J.~C. and
	{Berlind}, A. and {Bernardi}, M. and {Blanton}, M.~R. and {Boroski}, W.~N. and
	{Brewington}, H.~J. and {Brinchmann}, J. and {Brinkmann}, J. and
	{Brunner}, R.~J. and {Budav{\'a}ri}, T. and {Carey}, L.~N. and
	{Carr}, M.~A. and {Castander}, F.~J. and {Connolly}, A.~J. and
	{Csabai}, I. and {Czarapata}, P.~C. and {Dalcanton}, J.~J. and
	{Doi}, M. and {Dong}, F. and {Eisenstein}, D.~J. and {Evans}, M.~L. and
	{Fan}, X. and {Finkbeiner}, D.~P. and {Friedman}, S.~D. and
	{Frieman}, J.~A. and {Fukugita}, M. and {Gillespie}, B. and
	{Glazebrook}, K. and {Gray}, J. and {Grebel}, E.~K. and {Gunn}, J.~E. and
	{Gurbani}, V.~K. and {de Haas}, E. and {Hall}, P.~B. and {Harris}, F.~H. and
	{Harvanek}, M. and {Hawley}, S.~L. and {Hayes}, J. and {Hendry}, J.~S. and
	{Hennessy}, G.~S. and {Hindsley}, R.~B. and {Hirata}, C.~M. and
	{Hogan}, C.~J. and {Hogg}, D.~W. and {Holmgren}, D.~J. and {Holtzman}, J.~A. and
	{Ichikawa}, S.-i. and {Ivezi{\'c}}, {\v Z}. and {Jester}, S. and
	{Johnston}, D.~E. and {Jorgensen}, A.~M. and {Juri{\'c}}, M. and
	{Kent}, S.~M. and {Kleinman}, S.~J. and {Knapp}, G.~R. and {Kniazev}, A.~Y. and
	{Kron}, R.~G. and {Krzesinski}, J. and {Kuropatkin}, N. and
	{Lamb}, D.~Q. and {Lampeitl}, H. and {Lee}, B.~C. and {Leger}, R.~F. and
	{Lin}, H. and {Long}, D.~C. and {Loveday}, J. and {Lupton}, R.~H. and
	{Margon}, B. and {Mart{\'{\i}}nez-Delgado}, D. and {Mandelbaum}, R. and
	{Matsubara}, T. and {McGehee}, P.~M. and {McKay}, T.~A. and
	{Meiksin}, A. and {Munn}, J.~A. and {Nakajima}, R. and {Nash}, T. and
	{Neilsen}, Jr., E.~H. and {Newberg}, H.~J. and {Newman}, P.~R. and
	{Nichol}, R.~C. and {Nicinski}, T. and {Nieto-Santisteban}, M. and
	{Nitta}, A. and {O'Mullane}, W. and {Okamura}, S. and {Owen}, R. and
	{Padmanabhan}, N. and {Pauls}, G. and {Peoples}, J.~J. and {Pier}, J.~R. and
	{Pope}, A.~C. and {Pourbaix}, D. and {Quinn}, T.~R. and {Richards}, G.~T. and
	{Richmond}, M.~W. and {Rockosi}, C.~M. and {Schlegel}, D.~J. and
	{Schneider}, D.~P. and {Schroeder}, J. and {Scranton}, R. and
	{Seljak}, U. and {Sheldon}, E. and {Shimasaku}, K. and {Smith}, J.~A. and
	{Smol{\v c}i{\'c}}, V. and {Snedden}, S.~A. and {Stoughton}, C. and
	{Strauss}, M.~A. and {SubbaRao}, M. and {Szalay}, A.~S. and
	{Szapudi}, I. and {Szkody}, P. and {Tegmark}, M. and {Thakar}, A.~R. and
	{Tucker}, D.~L. and {Uomoto}, A. and {Vanden Berk}, D.~E. and
	{Vandenberg}, J. and {Vogeley}, M.~S. and {Voges}, W. and {Vogt}, N.~P. and
	{Walkowicz}, L.~M. and {Weinberg}, D.~H. and {West}, A.~A. and
	{White}, S.~D.~M. and {Xu}, Y. and {Yanny}, B. and {Yocum}, D.~R. and
	{York}, D.~G. and {Zehavi}, I. and {Zibetti}, S. and {Zucker}, D.~B.
	},
    title = "{The Fourth Data Release of the Sloan Digital Sky Survey}",
  journal = {\apjs},
   eprint = {arXiv:astro-ph/0507711},
 keywords = {Atlases, Catalogs, Surveys},
     year = 2006,
    month = jan,
   volume = 162,
    pages = {38-48},
      doi = {10.1086/497917},
   adsurl = {http://adsabs.harvard.edu/abs/2006ApJS..162...38A},
  adsnote = {Provided by the SAO/NASA Astrophysics Data System}
}
@ARTICLE{Adelman-McCarthy2008,
   author = {{Adelman-McCarthy}, J.~K. and {Ag{\"u}eros}, M.~A. and {Allam}, S.~S. and
	{Allende Prieto}, C. and {Anderson}, K.~S.~J. and {Anderson}, S.~F. and
	{Annis}, J. and {Bahcall}, N.~A. and {Bailer-Jones}, C.~A.~L. and
	{Baldry}, I.~K. and {Barentine}, J.~C. and {Bassett}, B.~A. and
	{Becker}, A.~C. and {Beers}, T.~C. and {Bell}, E.~F. and {Berlind}, A.~A. and
	{Bernardi}, M. and {Blanton}, M.~R. and {Bochanski}, J.~J. and
	{Boroski}, W.~N. and {Brinchmann}, J. and {Brinkmann}, J. and
	{Brunner}, R.~J. and {Budav{\'a}ri}, T. and {Carliles}, S. and
	{Carr}, M.~A. and {Castander}, F.~J. and {Cinabro}, D. and {Cool}, R.~J. and
	{Covey}, K.~R. and {Csabai}, I. and {Cunha}, C.~E. and {Davenport}, J.~R.~A. and
	{Dilday}, B. and {Doi}, M. and {Eisenstein}, D.~J. and {Evans}, M.~L. and
	{Fan}, X. and {Finkbeiner}, D.~P. and {Friedman}, S.~D. and
	{Frieman}, J.~A. and {Fukugita}, M. and {G{\"a}nsicke}, B.~T. and
	{Gates}, E. and {Gillespie}, B. and {Glazebrook}, K. and {Gray}, J. and
	{Grebel}, E.~K. and {Gunn}, J.~E. and {Gurbani}, V.~K. and {Hall}, P.~B. and
	{Harding}, P. and {Harvanek}, M. and {Hawley}, S.~L. and {Hayes}, J. and
	{Heckman}, T.~M. and {Hendry}, J.~S. and {Hindsley}, R.~B. and
	{Hirata}, C.~M. and {Hogan}, C.~J. and {Hogg}, D.~W. and {Hyde}, J.~B. and
	{Ichikawa}, S.-i. and {Ivezi{\'c}}, {\v Z}. and {Jester}, S. and
	{Johnson}, J.~A. and {Jorgensen}, A.~M. and {Juri{\'c}}, M. and
	{Kent}, S.~M. and {Kessler}, R. and {Kleinman}, S.~J. and {Knapp}, G.~R. and
	{Kron}, R.~G. and {Krzesinski}, J. and {Kuropatkin}, N. and
	{Lamb}, D.~Q. and {Lampeitl}, H. and {Lebedeva}, S. and {Lee}, Y.~S. and
	{Leger}, R.~F. and {L{\'e}pine}, S. and {Lima}, M. and {Lin}, H. and
	{Long}, D.~C. and {Loomis}, C.~P. and {Loveday}, J. and {Lupton}, R.~H. and
	{Malanushenko}, O. and {Malanushenko}, V. and {Mandelbaum}, R. and
	{Margon}, B. and {Marriner}, J.~P. and {Mart{\'{\i}}nez-Delgado}, D. and
	{Matsubara}, T. and {McGehee}, P.~M. and {McKay}, T.~A. and
	{Meiksin}, A. and {Morrison}, H.~L. and {Munn}, J.~A. and {Nakajima}, R. and
	{Neilsen}, Jr., E.~H. and {Newberg}, H.~J. and {Nichol}, R.~C. and
	{Nicinski}, T. and {Nieto-Santisteban}, M. and {Nitta}, A. and
	{Okamura}, S. and {Owen}, R. and {Oyaizu}, H. and {Padmanabhan}, N. and
	{Pan}, K. and {Park}, C. and {Peoples}, J.~J. and {Pier}, J.~R. and
	{Pope}, A.~C. and {Purger}, N. and {Raddick}, M.~J. and {Re Fiorentin}, P. and
	{Richards}, G.~T. and {Richmond}, M.~W. and {Riess}, A.~G. and
	{Rix}, H.-W. and {Rockosi}, C.~M. and {Sako}, M. and {Schlegel}, D.~J. and
	{Schneider}, D.~P. and {Schreiber}, M.~R. and {Schwope}, A.~D. and
	{Seljak}, U. and {Sesar}, B. and {Sheldon}, E. and {Shimasaku}, K. and
	{Sivarani}, T. and {Smith}, J.~A. and {Snedden}, S.~A. and {Steinmetz}, M. and
	{Strauss}, M.~A. and {SubbaRao}, M. and {Suto}, Y. and {Szalay}, A.~S. and
	{Szapudi}, I. and {Szkody}, P. and {Tegmark}, M. and {Thakar}, A.~R. and
	{Tremonti}, C.~A. and {Tucker}, D.~L. and {Uomoto}, A. and {Vanden Berk}, D.~E. and
	{Vandenberg}, J. and {Vidrih}, S. and {Vogeley}, M.~S. and {Voges}, W. and
	{Vogt}, N.~P. and {Wadadekar}, Y. and {Weinberg}, D.~H. and
	{West}, A.~A. and {White}, S.~D.~M. and {Wilhite}, B.~C. and
	{Yanny}, B. and {Yocum}, D.~R. and {York}, D.~G. and {Zehavi}, I. and
	{Zucker}, D.~B.},
    title = "{The Sixth Data Release of the Sloan Digital Sky Survey}",
  journal = {\apjs},
archivePrefix = "arXiv",
   eprint = {0707.3413},
 keywords = {Atlases, Catalogs, Surveys},
     year = 2008,
    month = apr,
   volume = 175,
    pages = {297-313},
      doi = {10.1086/524984},
   adsurl = {http://adsabs.harvard.edu/abs/2008ApJS..175..297A},
  adsnote = {Provided by the SAO/NASA Astrophysics Data System}
}

@ARTICLE{Altay2006,
   author = {{Altay}, G. and {Colberg}, J.~M. and {Croft}, R.~A.~C.},
    title = "{The influence of large-scale structures on halo shapes and alignments}",
  journal = {\mnras},
   eprint = {arXiv:astro-ph/0605296},
 keywords = {cosmology: observations: large-scale structure of Universe},
     year = 2006,
    month = aug,
   volume = 370,
    pages = {1422-1428},
      doi = {10.1111/j.1365-2966.2006.10555.x},
   adsurl = {http://adsabs.harvard.edu/abs/2006MNRAS.370.1422A},
  adsnote = {Provided by the SAO/NASA Astrophysics Data System}
}

@ARTICLE{Agustsson2006,
   author = {{Agustsson}, I. and {Brainerd}, T.~G.},
    title = "{The Orientation of Satellite Galaxies: Evidence of Elongation in the Direction of the Host}",
  journal = {\apjl},
   eprint = {arXiv:astro-ph/0509405},
 keywords = {Galaxies: Dwarf, Galaxies: Fundamental Parameters, Galaxies: Halos, Cosmology: Gravitational Lensing},
     year = 2006,
    month = jun,
   volume = 644,
    pages = {L25-L28},
      doi = {10.1086/505465},
   adsurl = {http://adsabs.harvard.edu/abs/2006ApJ...644L..25A},
  adsnote = {Provided by the SAO/NASA Astrophysics Data System}
}

@ARTICLE{Aragon-Calvo2007,
   author = {{Arag{\'o}n-Calvo}, M.~A. and {van de Weygaert}, R. and {Jones}, B.~J.~T. and
	{van der Hulst}, J.~M.},
    title = "{Spin Alignment of Dark Matter Halos in Filaments and Walls}",
  journal = {\apjl},
   eprint = {arXiv:astro-ph/0610249},
 keywords = {Galaxy: Formation, Cosmology: Large-Scale Structure of Universe},
     year = 2007,
    month = jan,
   volume = 655,
    pages = {L5-L8},
      doi = {10.1086/511633},
   adsurl = {http://adsabs.harvard.edu/abs/2007ApJ...655L...5A},
  adsnote = {Provided by the SAO/NASA Astrophysics Data System}
}

@ARTICLE{Aragon-Calvo2010,
   author = {{Aragon-Calvo}, M.~A. and {van de Weygaert}, R. and {Jones}, B.~J.~T.
	},
    title = "{Multiscale Phenomenology of the Cosmic Web}",
  journal = {ArXiv e-prints},
archivePrefix = "arXiv",
   eprint = {1007.0742},
 keywords = {Astrophysics - Cosmology and Extragalactic Astrophysics},
     year = 2010,
    month = jul,
   adsurl = {http://adsabs.harvard.edu/abs/2010arXiv1007.0742A},
  adsnote = {Provided by the SAO/NASA Astrophysics Data System}
}



%B %%%
@ARTICLE{Bailin2005,
   author = {{Bailin}, J. and {Kawata}, D. and {Gibson}, B.~K. and {Steinmetz}, M. and
	{Navarro}, J.~F. and {Brook}, C.~B. and {Gill}, S.~P.~D. and
	{Ibata}, R.~A. and {Knebe}, A. and {Lewis}, G.~F. and {Okamoto}, T.
	},
    title = "{Internal Alignment of the Halos of Disk Galaxies in Cosmological Hydrodynamic Simulations}",
  journal = {\apjl},
   eprint = {arXiv:astro-ph/0505523},
 keywords = {Cosmology: Dark Matter, Galaxies: Evolution, Galaxies: Formation, Galaxies: Halos, Galaxies: Spiral},
     year = 2005,
    month = jul,
   volume = 627,
    pages = {L17-L20},
      doi = {10.1086/432157},
   adsurl = {http://adsabs.harvard.edu/abs/2005ApJ...627L..17B},
  adsnote = {Provided by the SAO/NASA Astrophysics Data System}
}

@ARTICLE{Barnes1987,
   author = {{Barnes}, J. and {Efstathiou}, G.},
    title = "{Angular momentum from tidal torques}",
  journal = {\apj},
 keywords = {ANGULAR MOMENTUM, DARK MATTER, GALACTIC CLUSTERS, GALACTIC EVOLUTION, MANY BODY PROBLEM, TIDES, ASTRONOMICAL MODELS, GALACTIC ROTATION, WHITE NOISE},
     year = 1987,
    month = aug,
   volume = 319,
    pages = {575-600},
      doi = {10.1086/165480},
   adsurl = {http://adsabs.harvard.edu/abs/1987ApJ...319..575B},
  adsnote = {Provided by the SAO/NASA Astrophysics Data System}
}

@ARTICLE{Basilakos2006,
   author = {{Basilakos}, S. and {Plionis}, M. and {Yepes}, G. and {Gottl{\"o}ber}, S. and
	{Turchaninov}, V.},
    title = "{The shape-alignment relation in {$\Lambda$} cold dark matter cosmic structures}",
  journal = {\mnras},
   eprint = {arXiv:astro-ph/0505620},
     year = 2006,
    month = jan,
   volume = 365,
    pages = {539-547},
      doi = {10.1111/j.1365-2966.2005.09731.x},
   adsurl = {http://adsabs.harvard.edu/abs/2006MNRAS.365..539B},
  adsnote = {Provided by the SAO/NASA Astrophysics Data System}
}

@ARTICLE{Beck2008,
   author = {{Beck}, C.},
    title = "{Axiomatic approach to the cosmological constant}",
  journal = {ArXiv e-prints},
archivePrefix = "arXiv",
   eprint = {0810.0752},
 keywords = {General Relativity and Quantum Cosmology, Astrophysics, Condensed Matter - Statistical Mechanics},
     year = 2008,
    month = oct,
   adsurl = {http://adsabs.harvard.edu/abs/2008arXiv0810.0752B},
  adsnote = {Provided by the SAO/NASA Astrophysics Data System}
}

@ARTICLE{Benson2010,
   author = {{Benson}, A.~J.},
    title = "{Galaxy Formation Theory}",
  journal = {ArXiv e-prints},
archivePrefix = "arXiv",
   eprint = {1006.5394},
 keywords = {Astrophysics - Cosmology and Extragalactic Astrophysics, Astrophysics - Galaxy Astrophysics},
     year = 2010,
    month = jun,
   adsurl = {http://adsabs.harvard.edu/abs/2010arXiv1006.5394B},
  adsnote = {Provided by the SAO/NASA Astrophysics Data System}
}


@ARTICLE{Bertschinger2001,
   author = {{Bertschinger}, E.},
    title = "{Multiscale Gaussian Random Fields and Their Application to Cosmological Simulations}",
  journal = {\apjs},
   eprint = {arXiv:astro-ph/0103301},
 keywords = {Cosmology: Theory, Methods: Numerical},
     year = 2001,
    month = nov,
   volume = 137,
    pages = {1-20},
      doi = {10.1086/322526},
   adsurl = {http://adsabs.harvard.edu/abs/2001ApJS..137....1B},
  adsnote = {Provided by the SAO/NASA Astrophysics Data System}
}

@ARTICLE{Bett2007,
   author = {{Bett}, P. and {Eke}, V. and {Frenk}, C.~S. and {Jenkins}, A. and
	{Helly}, J. and {Navarro}, J.},
    title = "{The spin and shape of dark matter haloes in the Millennium simulation of a {$\Lambda$} cold dark matter universe}",
  journal = {\mnras},
   eprint = {arXiv:astro-ph/0608607},
 keywords = {methods: N-body simulations , galaxies: haloes , dark matter},
     year = 2007,
    month = mar,
   volume = 376,
    pages = {215-232},
      doi = {10.1111/j.1365-2966.2007.11432.x},
   adsurl = {http://adsabs.harvard.edu/abs/2007MNRAS.376..215B},
  adsnote = {Provided by the SAO/NASA Astrophysics Data System}
}

@ARTICLE{Bond1996,
   author = {{Bond}, J.~R. and {Myers}, S.~T.},
    title = "{The Peak-Patch Picture of Cosmic Catalogs. I. Algorithms}",
  journal = {\apjs},
 keywords = {COSMOLOGY: THEORY, GALAXIES: FORMATION, GALAXIES: CLUSTERS: GENERAL, METHODS: NUMERICAL},
     year = 1996,
    month = mar,
   volume = 103,
    pages = {1-+},
      doi = {10.1086/192267},
   adsurl = {http://adsabs.harvard.edu/abs/1996ApJS..103....1B},
  adsnote = {Provided by the SAO/NASA Astrophysics Data System}
}

@ARTICLE{Borgani2004,
   author = {{Borgani}, S. and {Murante}, G. and {Springel}, V. and {Diaferio}, A. and
	{Dolag}, K. and {Moscardini}, L. and {Tormen}, G. and {Tornatore}, L. and
	{Tozzi}, P.},
    title = "{X-ray properties of galaxy clusters and groups from a cosmological hydrodynamical simulation}",
  journal = {\mnras},
   eprint = {arXiv:astro-ph/0310794},
 keywords = {hydrodynamics, galaxies: clusters: general, X-rays: galaxies},
     year = 2004,
    month = mar,
   volume = 348,
    pages = {1078-1096},
      doi = {10.1111/j.1365-2966.2004.07431.x},
   adsurl = {http://adsabs.harvard.edu/abs/2004MNRAS.348.1078B},
  adsnote = {Provided by the SAO/NASA Astrophysics Data System}
}

@ARTICLE{Bournaud2010,
   author = {{Bournaud}, F. and {Chapon}, D. and {Delaye}, L. and {Powell}, L.~C. and 
	{Elmegreen}, B.~G. and {Elmegreen}, D.~M. and {Duc}, {P.-A.} and 
	{Teyssier}, R. and {Contini}, T. and {Epinat}, B. and {Shapiro}, K.~L.
	},
    title = "{Hydrodynamics of high-redshift galaxy collisions: From gas-rich disks to dispersion-dominated mergers and compact spheroids}",
  journal = {ArXiv e-prints},
archivePrefix = "arXiv",
   eprint = {1006.4782},
 keywords = {Astrophysics - Cosmology and Extragalactic Astrophysics},
     year = 2010,
    month = jun,
   adsurl = {http://adsabs.harvard.edu/abs/2010arXiv1006.4782B},
  adsnote = {Provided by the SAO/NASA Astrophysics Data System}
}

@ARTICLE{Bournaud2010a,
   author = {{Bournaud}, F. and {Elmegreen}, B.~G. and {Teyssier}, R. and 
	{Block}, D.~L. and {Puerari}, I.},
    title = "{ISM properties in hydrodynamic galaxy simulations: Turbulence cascades, cloud formation, role of gravity and feedback}",
  journal = {ArXiv e-prints},
archivePrefix = "arXiv",
   eprint = {1007.2566},
 keywords = {Astrophysics - Cosmology and Extragalactic Astrophysics, Astrophysics - Galaxy Astrophysics, Physics - Fluid Dynamics},
     year = 2010,
    month = jul,
   adsurl = {http://adsabs.harvard.edu/abs/2010arXiv1007.2566B},
  adsnote = {Provided by the SAO/NASA Astrophysics Data System}
}



@ARTICLE{Bridle2007,
   author = {{Bridle}, S. and {Abdalla}, F.~B.},
    title = "{The Galaxy-Galaxy Lensing Contribution to the Cosmic Shear Two-Point Function}",
  journal = {\apjl},
   eprint = {arXiv:astro-ph/0608002},
 keywords = {Cosmology: Cosmological Parameters, Cosmology: Observations, Cosmology: Dark Matter, Galaxies: Halos, Cosmology: Large-Scale Structure of Universe},
     year = 2007,
    month = jan,
   volume = 655,
    pages = {L1-L4},
      doi = {10.1086/511674},
   adsurl = {http://adsabs.harvard.edu/abs/2007ApJ...655L...1B},
  adsnote = {Provided by the SAO/NASA Astrophysics Data System}
}

@ARTICLE{Brown2002,
   author = {{Brown}, M.~L. and {Taylor}, A.~N. and {Hambly}, N.~C. and {Dye}, S.
	},
    title = "{Measurement of intrinsic alignments in galaxy ellipticities}",
  journal = {\mnras},
   eprint = {arXiv:astro-ph/0009499},
 keywords = {gravitational lensing, galaxies: formation, cosmology: observations, large-scale structure of Universe},
     year = 2002,
    month = jul,
   volume = 333,
    pages = {501-509},
      doi = {10.1046/j.1365-8711.2002.05354.x},
   adsurl = {http://adsabs.harvard.edu/abs/2002MNRAS.333..501B},
  adsnote = {Provided by the SAO/NASA Astrophysics Data System}
}

@ARTICLE{Brunino2007,
   author = {{Brunino}, R. and {Trujillo}, I. and {Pearce}, F.~R. and {Thomas}, P.~A.
	},
    title = "{The orientation of galaxy dark matter haloes around cosmic voids}",
  journal = {\mnras},
   eprint = {arXiv:astro-ph/0609629},
 keywords = {methods: statistical , galaxies: formation , galaxies: haloes , galaxies: structure , dark matter , large-scale structure of Universe},
     year = 2007,
    month = feb,
   volume = 375,
    pages = {184-190},
      doi = {10.1111/j.1365-2966.2006.11282.x},
   adsurl = {http://adsabs.harvard.edu/abs/2007MNRAS.375..184B},
  adsnote = {Provided by the SAO/NASA Astrophysics Data System}
}

@ARTICLE{Bryan1998,
   author = {{Bryan}, G.~L. and {Norman}, M.~L.},
    title = "{Statistical Properties of X-Ray Clusters: Analytic and Numerical Comparisons}",
  journal = {\apj},
   eprint = {arXiv:astro-ph/9710107},
 keywords = {GALAXIES: CLUSTERS: GENERAL, METHODS: NUMERICAL, X-RAYS: GALAXIES},
     year = 1998,
    month = mar,
   volume = 495,
    pages = {80-+},
      doi = {10.1086/305262},
   adsurl = {http://adsabs.harvard.edu/abs/1998ApJ...495...80B},
  adsnote = {Provided by the SAO/NASA Astrophysics Data System}
}

@ARTICLE{Bullock2001,
   author = {{Bullock}, J.~S. and {Dekel}, A. and {Kolatt}, T.~S. and {Kravtsov}, A.~V. and
	{Klypin}, A.~A. and {Porciani}, C. and {Primack}, J.~R.},
    title = "{A Universal Angular Momentum Profile for Galactic Halos}",
  journal = {\apj},
   eprint = {arXiv:astro-ph/0011001},
 keywords = {Cosmology: Dark Matter, Galaxies: Formation, Galaxies: Halos, Galaxies: Structure},
     year = 2001,
    month = jul,
   volume = 555,
    pages = {240-257},
      doi = {10.1086/321477},
   adsurl = {http://adsabs.harvard.edu/abs/2001ApJ...555..240B},
  adsnote = {Provided by the SAO/NASA Astrophysics Data System}
}

%C %%%
@ARTICLE{Catelan1996a,
   author = {{Catelan}, P. and {Theuns}, T.},
    title = "{Evolution of the angular momentum of protogalaxies from tidal torques: Zel'dovich approximation}",
  journal = {\mnras},
   eprint = {arXiv:astro-ph/9604077},
 keywords = {GALAXIES: FORMATION, LARGE-SCALE STRUCTURE OF UNIVERSE},
     year = 1996,
    month = sep,
   volume = 282,
    pages = {436-454},
   adsurl = {http://adsabs.harvard.edu/abs/1996MNRAS.282..436C},
  adsnote = {Provided by the SAO/NASA Astrophysics Data System}
}

@ARTICLE{Catelan1996b,
   author = {{Catelan}, P. and {Theuns}, T.},
    title = "{Non-linear evolution of the angular momentum of protostructures from tidal torques}",
  journal = {\mnras},
   eprint = {arXiv:astro-ph/9604078},
 keywords = {GALAXIES: FORMATION, LARGE-SCALE STRUCTURE OF UNIVERSE},
     year = 1996,
    month = sep,
   volume = 282,
    pages = {455-469},
   adsurl = {http://adsabs.harvard.edu/abs/1996MNRAS.282..455C},
  adsnote = {Provided by the SAO/NASA Astrophysics Data System}
}

@ARTICLE{Catelan2001,
   author = {{Catelan}, P. and {Kamionkowski}, M. and {Blandford}, R.~D.},
    title = "{Intrinsic and extrinsic galaxy alignment}",
  journal = {\mnras},
   eprint = {arXiv:astro-ph/0005470},
 keywords = {GRAVITATIONAL LENSING, COSMOLOGY: THEORY, LARGE-SCALE STRUCTURE OF UNIVERSE},
     year = 2001,
    month = jan,
   volume = 320,
    pages = {L7-L13},
   adsurl = {http://adsabs.harvard.edu/abs/2001MNRAS.320L...7C},
  adsnote = {Provided by the SAO/NASA Astrophysics Data System}
}

@ARTICLE{Catelan2001a,
   author = {{Catelan}, P. and {Porciani}, C.},
    title = "{Correlations of cosmic tidal fields}",
  journal = {\mnras},
   eprint = {arXiv:astro-ph/0012082},
 keywords = {GALAXIES: STATISTICS, COSMOLOGY: THEORY, LARGE-SCALE STRUCTURE OF UNIVERSE},
     year = 2001,
    month = may,
   volume = 323,
    pages = {713-717},
      doi = {10.1046/j.1365-8711.2001.04250.x},
   adsurl = {http://adsabs.harvard.edu/abs/2001MNRAS.323..713C},
  adsnote = {Provided by the SAO/NASA Astrophysics Data System}
}

@ARTICLE{Chen2003,
   author = {{Chen}, D.~N. and {Jing}, Y.~P. and {Yoshikaw}, K.},
    title = "{Angular Momentum Distribution of Hot Gas and Implications for Disk Galaxy Formation}",
  journal = {\apj},
   eprint = {arXiv:astro-ph/0307270},
 keywords = {Cosmology: Theory, Cosmology: Dark Matter, Galaxies: Formation, Galaxies: Halos, Galaxies: Spiral, Galaxies: Structure},
     year = 2003,
    month = nov,
   volume = 597,
    pages = {35-47},
      doi = {10.1086/378379},
   adsurl = {http://adsabs.harvard.edu/abs/2003ApJ...597...35C},
  adsnote = {Provided by the SAO/NASA Astrophysics Data System}
}

@ARTICLE{Colberg2005,
   author = {{Colberg}, J.~M. and {Krughoff}, K.~S. and {Connolly}, A.~J.
	},
    title = "{Intercluster filaments in a {$\Lambda$}CDM Universe}",
  journal = {\mnras},
   eprint = {arXiv:astro-ph/0406665},
     year = 2005,
    month = may,
   volume = 359,
    pages = {272-282},
      doi = {10.1111/j.1365-2966.2005.08897.x},
   adsurl = {http://adsabs.harvard.edu/abs/2005MNRAS.359..272C},
  adsnote = {Provided by the SAO/NASA Astrophysics Data System}
}

@ARTICLE{Cooray2005,
   author = {{Cooray}, A.},
    title = "{A brighter past: galaxy luminosity function at high redshifts}",
  journal = {\mnras},
   eprint = {arXiv:astro-ph/0506087},
 keywords = {galaxies: clusters: general, galaxies: formation, galaxies: fundamental parameters, cosmology: observations, cosmology: theory, large-scale structure},
     year = 2005,
    month = nov,
   volume = 364,
    pages = {303-318},
      doi = {10.1111/j.1365-2966.2005.09564.x},
   adsurl = {http://adsabs.harvard.edu/abs/2005MNRAS.364..303C},
  adsnote = {Provided by the SAO/NASA Astrophysics Data System}
}

@ARTICLE{Crittenden2001,
   author = {{Crittenden}, R.~G. and {Natarajan}, P. and {Pen}, U.-L. and
	{Theuns}, T.},
    title = "{Spin-induced Galaxy Alignments and Their Implications for Weak-Lensing Measurements}",
  journal = {\apj},
   eprint = {arXiv:astro-ph/0009052},
 keywords = {Galaxies: General, Cosmology: Gravitational Lensing},
     year = 2001,
    month = oct,
   volume = 559,
    pages = {552-571},
      doi = {10.1086/322370},
   adsurl = {http://adsabs.harvard.edu/abs/2001ApJ...559..552C},
  adsnote = {Provided by the SAO/NASA Astrophysics Data System}
}

@ARTICLE{Croft1999,
   author = {{Croft}, R.~A.~C. and {Dalton}, G.~B. and {Efstathiou}, G.},
    title = "{The APM cluster-galaxy cross-correlation function: constraints on Omega and galaxy bias}",
  journal = {\mnras},
   eprint = {arXiv:astro-ph/9801254},
 keywords = {GALAXIES: CLUSTERS: GENERAL, LARGE-SCALE STRUCTURE OF UNIVERSE},
     year = 1999,
    month = may,
   volume = 305,
    pages = {547-562},
   adsurl = {http://adsabs.harvard.edu/abs/1999MNRAS.305..547C},
  adsnote = {Provided by the SAO/NASA Astrophysics Data System}
}

@ARTICLE{Croft2000,
   author = {{Croft}, R.~A.~C. and {Metzler}, C.~A.},
    title = "{Weak-Lensing Surveys and the Intrinsic Correlation of Galaxy Ellipticities}",
  journal = {\apj},
   eprint = {arXiv:astro-ph/0005384},
 keywords = {Cosmology: Theory, Cosmology: Gravitational Lensing, Cosmology: Large-Scale Structure of Universe},
     year = 2000,
    month = dec,
   volume = 545,
    pages = {561-571},
      doi = {10.1086/317856},
   adsurl = {http://adsabs.harvard.edu/abs/2000ApJ...545..561C},
  adsnote = {Provided by the SAO/NASA Astrophysics Data System}
}

@ARTICLE{Croft2008,
   author = {{Croft}, R.~A.~C. and {Di Matteo}, T. and {Springel}, V. and
	{Hernquist}, L.},
    title = "{Galaxy morphology, kinematics and clustering in a hydrodynamic simulation of a LambdaCDM universe}",
  journal = {ArXiv e-prints},
archivePrefix = "arXiv",
   eprint = {0803.4003},
 keywords = {Astrophysics},
     year = 2008,
    month = mar,
   adsurl = {http://adsabs.harvard.edu/abs/2008arXiv0803.4003C},
  adsnote = {Provided by the SAO/NASA Astrophysics Data System}
}

@ARTICLE{Cuesta2008,
   author = {{Cuesta}, A.~J. and {Betancort-Rijo}, J.~E. and {Gottl{\"o}ber}, S. and
	{Patiri}, S.~G. and {Yepes}, G. and {Prada}, F.},
    title = "{Spin alignment of dark matter haloes in the shells of the largest voids}",
  journal = {\mnras},
archivePrefix = "arXiv",
   eprint = {0706.2775},
 keywords = {methods: N-body simulations , methods: statistical , galaxies: haloes , cosmology: theory , dark matter , large-scale structure of Universe},
     year = 2008,
    month = apr,
   volume = 385,
    pages = {867-874},
      doi = {10.1111/j.1365-2966.2008.12879.x},
   adsurl = {http://adsabs.harvard.edu/abs/2008MNRAS.385..867C},
  adsnote = {Provided by the SAO/NASA Astrophysics Data System}
}

%D %%%


@ARTICLE{DeBuhr2010,
   author = {{DeBuhr}, J. and {Quataert}, E. and {Ma}, {C.-P.}},
    title = "{The Growth of Massive Black Holes in Galaxy Merger Simulations with Feedback by Radiation Pressure}",
  journal = {ArXiv e-prints},
archivePrefix = "arXiv",
   eprint = {1006.3312},
 keywords = {Astrophysics - Cosmology and Extragalactic Astrophysics},
     year = 2010,
    month = jun,
   adsurl = {http://adsabs.harvard.edu/abs/2010arXiv1006.3312D},
  adsnote = {Provided by the SAO/NASA Astrophysics Data System}
}

@ARTICLE{DeLucia2004,
   author = {{De Lucia}, G. and {Kauffmann}, G. and {Springel}, V. and {White}, S.~D.~M. and
	{Lanzoni}, B. and {Stoehr}, F. and {Tormen}, G. and {Yoshida}, N.
	},
    title = "{Substructures in cold dark matter haloes}",
  journal = {\mnras},
   eprint = {arXiv:astro-ph/0306205},
 keywords = {galaxies: clusters: general, galaxies: evolution, galaxies: formation, cosmology: dark matter},
     year = 2004,
    month = feb,
   volume = 348,
    pages = {333-344},
      doi = {10.1111/j.1365-2966.2004.07372.x},
   adsurl = {http://adsabs.harvard.edu/abs/2004MNRAS.348..333D},
  adsnote = {Provided by the SAO/NASA Astrophysics Data System}
}


@ARTICLE{DeVaucouleurs1953,
   author = {{de Vaucouleurs}, G.},
    title = "{Evidence for a local super,galaxy}",
  journal = {\aj},
     year = 1953,
    month = feb,
   volume = 58,
    pages = {30-+},
      doi = {10.1086/106805},
   adsurl = {http://adsabs.harvard.edu/abs/1953AJ.....58...30D},
  adsnote = {Provided by the SAO/NASA Astrophysics Data System}
}

@ARTICLE{DOnghia2004,
   author = {{D'Onghia}, E. and {Burkert}, A.},
    title = "{Bulgeless Galaxies and Their Angular Momentum Problem}",
  journal = {\apjl},
   eprint = {arXiv:astro-ph/0402504},
 keywords = {Cosmology: Theory, Galaxies: Formation},
     year = 2004,
    month = sep,
   volume = 612,
    pages = {L13-L16},
      doi = {10.1086/424444},
   adsurl = {http://adsabs.harvard.edu/abs/2004ApJ...612L..13D},
  adsnote = {Provided by the SAO/NASA Astrophysics Data System}
}

@ARTICLE{Doroshkevich1970,
   author = {{Doroshkevich}, A.~G.},
    title = "{The space structure of perturbations and the origin of rotation of galaxies in the theory of fluctuation.}",
  journal = {Astrofizika},
     year = 1970,
   volume = 6,
    pages = {581-600},
   adsurl = {http://adsabs.harvard.edu/abs/1970Afz.....6..581D},
  adsnote = {Provided by the SAO/NASA Astrophysics Data System}
}

@ARTICLE{Dutton2009,
   author = {{Dutton}, A.~A. and {van den Bosch}, F.~C. and {Dekel}, A.},
    title = "{On the Origin of the Galaxy Star-Formation-Rate Sequence: Evolution and Scatter}",
  journal = {ArXiv e-prints},
archivePrefix = "arXiv",
   eprint = {0912.2169},
 keywords = {Astrophysics - Cosmology and Extragalactic Astrophysics},
     year = 2009,
    month = dec,
   adsurl = {http://adsabs.harvard.edu/abs/2009arXiv0912.2169D},
  adsnote = {Provided by the SAO/NASA Astrophysics Data System}
}


@ARTICLE{Dutton2010,
   author = {{Dutton}, A.~A. and {van den Bosch}, F.~C. and {Faber}, S.~M. and 
	{Simard}, L. and {Kassin}, S.~A. and {Koo}, D.~C. and {Bundy}, K. and 
	{Huang}, J. and {Weiner}, B.~J. and {Cooper}, M.~C. and {Newman}, J.~A. and 
	{Mozena}, M. and {Koekemoer}, A.},
    title = "{On the Evolution of the Velocity-Mass-Size Relations of Disk-Dominated Galaxies over the Past 10 Billion Years}",
  journal = {ArXiv e-prints},
archivePrefix = "arXiv",
   eprint = {1006.3558},
 keywords = {Astrophysics - Galaxy Astrophysics, Astrophysics - Cosmology and Extragalactic Astrophysics},
     year = 2010,
    month = jun,
   adsurl = {http://adsabs.harvard.edu/abs/2010arXiv1006.3558D},
  adsnote = {Provided by the SAO/NASA Astrophysics Data System}
}


%E %%%
%F %%%

@ARTICLE{Faltenbacher2002,
   author = {{Faltenbacher}, A. and {Gottl{\"o}ber}, S. and {Kerscher}, M. and
	{M{\"u}ller}, V.},
    title = "{Correlations in the orientations of galaxy clusters}",
  journal = {\aap},
   eprint = {arXiv:astro-ph/0209029},
 keywords = {large-scale structure of the Universe, methods: statistical, galaxies: clusters, general},
     year = 2002,
    month = nov,
   volume = 395,
    pages = {1-9},
      doi = {10.1051/0004-6361:20021263},
   adsurl = {http://adsabs.harvard.edu/abs/2002A%26A...395....1F},
  adsnote = {Provided by the SAO/NASA Astrophysics Data System}
}

@ARTICLE{Faltenbacher2007,
   author = {{Faltenbacher}, A. and {Li}, C. and {Mao}, S. and {van den Bosch}, F.~C. and 
	{Yang}, X. and {Jing}, Y.~P. and {Pasquali}, A. and {Mo}, H.~J.
	},
    title = "{Three Different Types of Galaxy Alignment within Dark Matter Halos}",
  journal = {\apjl},
archivePrefix = "arXiv",
   eprint = {0704.0674},
 keywords = {Galaxies: Clusters: General, Galaxies: Kinematics and Dynamics, Surveys},
     year = 2007,
    month = jun,
   volume = 662,
    pages = {L71-L74},
      doi = {10.1086/519683},
   adsurl = {http://adsabs.harvard.edu/abs/2007ApJ...662L..71F},
  adsnote = {Provided by the SAO/NASA Astrophysics Data System}
}

@ARTICLE{Faltenbacher2008,
   author = {{Faltenbacher}, A. and {Jing}, Y.~P. and {Li}, C. and {Mao}, S. and 
	{Mo}, H.~J. and {Pasquali}, A. and {van den Bosch}, F.~C.},
    title = "{Spatial and Kinematic Alignments between Central and Satellite Halos}",
  journal = {\apj},
archivePrefix = "arXiv",
   eprint = {0706.0262},
 keywords = {Cosmology: Dark Matter, Galaxies: Clusters: General, Galaxies: Kinematics and Dynamics, Methods: Numerical},
     year = 2008,
    month = mar,
   volume = 675,
    pages = {146-155},
      doi = {10.1086/525243},
   adsurl = {http://adsabs.harvard.edu/abs/2008ApJ...675..146F},
  adsnote = {Provided by the SAO/NASA Astrophysics Data System}
}

@ARTICLE{Fan2010,
   author = {{Fan}, L. and {Lapi}, A. and {Bressan}, A. and {Bernardi}, M. and 
	{De Zotti}, G. and {Danese}, L.},
    title = "{Cosmic Evolution of Size and Velocity Dispersion for Early Type Galaxies}",
  journal = {ArXiv e-prints},
archivePrefix = "arXiv",
   eprint = {1006.2303},
 keywords = {Astrophysics - Cosmology and Extragalactic Astrophysics},
     year = 2010,
    month = jun,
   adsurl = {http://adsabs.harvard.edu/abs/2010arXiv1006.2303F},
  adsnote = {Provided by the SAO/NASA Astrophysics Data System}
}


@ARTICLE{Flin1989,
   author = {{Flin}, P. and {Godlowski}, W.},
    title = "{Distribution of the Planes of Galaxies in the Local Supercluster}",
  journal = {Soviet Astronomy Letters},
     year = 1989,
    month = sep,
   volume = 15,
    pages = {374-+},
   adsurl = {http://adsabs.harvard.edu/abs/1989SvAL...15..374F},
  adsnote = {Provided by the SAO/NASA Astrophysics Data System}
}

%G %%%

@ARTICLE{Gan2010,
   author = {{Gan}, J. and {Kang}, X. and {van den Bosch}, F.~C. and {Hou}, J.
	},
    title = "{An Improved Model for the Dynamical Evolution of Dark Matter Subhaloes}",
  journal = {ArXiv e-prints},
archivePrefix = "arXiv",
   eprint = {1007.0023},
 keywords = {Astrophysics - Cosmology and Extragalactic Astrophysics, Astrophysics - Galaxy Astrophysics},
     year = 2010,
    month = jun,
   adsurl = {http://adsabs.harvard.edu/abs/2010arXiv1007.0023G},
  adsnote = {Provided by the SAO/NASA Astrophysics Data System}
}


@ARTICLE{Gao2004,
   author = {{Gao}, L. and {White}, S.~D.~M. and {Jenkins}, A. and {Stoehr}, F. and
	{Springel}, V.},
    title = "{The subhalo populations of {$\Lambda$}CDM dark haloes}",
  journal = {\mnras},
   eprint = {arXiv:astro-ph/0404589},
 keywords = {methods: N-body simulations, methods: numerical, galaxies: clusters: general, galaxies: haloes, dark matter},
     year = 2004,
    month = dec,
   volume = 355,
    pages = {819-834},
      doi = {10.1111/j.1365-2966.2004.08360.x},
   adsurl = {http://adsabs.harvard.edu/abs/2004MNRAS.355..819G},
  adsnote = {Provided by the SAO/NASA Astrophysics Data System}
}


@ARTICLE{Gao2010,
   author = {{Gao}, L. and {Frenk}, C.~S. and {Boylan-Kolchin}, M. and {Jenkins}, A. and 
	{Springel}, V. and {White}, S.~D.~M.},
    title = "{The statistics of the subhalo abundance of dark matter haloes}",
  journal = {ArXiv e-prints},
archivePrefix = "arXiv",
   eprint = {1006.2882},
 keywords = {Astrophysics - Cosmology and Extragalactic Astrophysics},
     year = 2010,
    month = jun,
   adsurl = {http://adsabs.harvard.edu/abs/2010arXiv1006.2882G},
  adsnote = {Provided by the SAO/NASA Astrophysics Data System}
}


@ARTICLE{Gardner2001,
   author = {{Gardner}, J.~P.},
    title = "{Dependence of Halo Properties on Interaction History, Environment, and Cosmology}",
  journal = {\apj},
   eprint = {arXiv:astro-ph/0006342},
 keywords = {Cosmology: Theory, Galaxies: Evolution, Galaxies: Formation, Galaxies: Halos, Methods: n-Body Simulations},
     year = 2001,
    month = aug,
   volume = 557,
    pages = {616-625},
      doi = {10.1086/321631},
   adsurl = {http://adsabs.harvard.edu/abs/2001ApJ...557..616G},
  adsnote = {Provided by the SAO/NASA Astrophysics Data System}
}

@ARTICLE{Garrido1993,
   author = {{Garrido}, J.~L. and {Battaner}, E. and {Sanchez-Saavedra}, M.~L. and
	{Florido}, E.},
    title = "{On the Coherent Orientation of Spins of Spiral Galaxies}",
  journal = {\aap},
     year = 1993,
    month = apr,
   volume = 271,
    pages = {84-+},
   adsurl = {http://adsabs.harvard.edu/abs/1993A%26A...271...84G},
  adsnote = {Provided by the SAO/NASA Astrophysics Data System}
}

@ARTICLE{Gill2004a,
   author = {{Gill}, S.~P.~D. and {Knebe}, A. and {Gibson}, B.~K.},
    title = "{The evolution of substructure - I. A new identification method}",
  journal = {\mnras},
   eprint = {arXiv:astro-ph/0404258},
 keywords = {methods: N-body simulations, methods: numerical, galaxies: formation, galaxies: haloes},
     year = 2004,
    month = jun,
   volume = 351,
    pages = {399-409},
      doi = {10.1111/j.1365-2966.2004.07786.x},
   adsurl = {http://adsabs.harvard.edu/abs/2004MNRAS.351..399G},
  adsnote = {Provided by the SAO/NASA Astrophysics Data System}
}

@INPROCEEDINGS{Gottloeber2006,
   author = {{Gottl{\"o}ber}, S. and {Turchaninov}, V.},
    title = "{Halo Shape and its Relation to Environment}",
booktitle = {EAS Publications Series},
     year = 2006,
   series = {EAS Publications Series},
   volume = 20,
   editor = {{Mamon}, G.~A. and {Combes}, F. and {Deffayet}, C. and {Fort}, B.
	},
    pages = {25-28},
      doi = {10.1051/eas:2006040},
   adsurl = {http://adsabs.harvard.edu/abs/2006EAS....20...25G},
  adsnote = {Provided by the SAO/NASA Astrophysics Data System}
}

@ARTICLE{Guo2010,
   author = {{Guo}, Q. and {White}, S. and {Boylan-Kolchin}, M. and {De Lucia}, G. and 
	{Kauffmann}, G. and {Lemson}, G. and {Li}, C. and {Springel}, V. and 
	{Weinmann}, S.},
    title = "{From dwarf spheroidals to cDs: Simulating the galaxy population in a LCDM cosmology}",
  journal = {ArXiv e-prints},
archivePrefix = "arXiv",
   eprint = {1006.0106},
 keywords = {Astrophysics - Cosmology and Extragalactic Astrophysics},
     year = 2010,
    month = jun,
   adsurl = {http://adsabs.harvard.edu/abs/2010arXiv1006.0106G},
  adsnote = {Provided by the SAO/NASA Astrophysics Data System}
}

%H %%%
@ARTICLE{Hahn2007a,
   author = {{Hahn}, O. and {Porciani}, C. and {Carollo}, C.~M. and {Dekel}, A.},
    title = "{Properties of dark matter haloes in clusters, filaments, sheets and voids}",
  journal = {\mnras},
   eprint = {astro-ph/0610280},
     year = 2007,
    month = feb,
   volume = 375,
    pages = {489-499},
      doi = {10.1111/j.1365-2966.2006.11318.x},
   adsurl = {http://adsabs.harvard.edu/cgi-bin/nph-bib_query?bibcode=2007MNRAS.tmp.1469H&db_key=AST},
  adsnote = {Provided by the Smithsonian/NASA Astrophysics Data System}
}

@ARTICLE{Hahn2007b,
   author = {{Hahn}, O. and {Carollo}, C.~M. and {Porciani}, C. and {Dekel}, A.},
    title = "{The evolution of dark matter halo properties in clusters, filaments, sheets and voids}",
  journal = {\mnras},
   eprint = {arXiv:0704.2595},
     year = 2007,
    month = oct,
   volume = 381,
    pages = {41-51},
      doi = {10.1111/j.1365-2966.2007.12249.x},
   adsurl = {http://adsabs.harvard.edu/abs/2007MNRAS.381...41H},
  adsnote = {Provided by the Smithsonian/NASA Astrophysics Data System}
}

@ARTICLE{Hahn2008,
   author = {{Hahn}, O. and {Porciani}, C. and {Dekel}, A. and {Carollo}, C.~M.},
    title = "{The Tidal Origin of the Environment Dependence of Halo Assembly}",
  journal = {ArXiv e-prints},
   eprint = {0803.4211},
 keywords = {Astrophysics},
     year = 2008,
    month = mar,
   volume = 803,
   adsurl = {http://adsabs.harvard.edu/abs/2008arXiv0803.4211H},
  adsnote = {Provided by the SAO/NASA Astrophysics Data System}
}

@ARTICLE{Hahn2010,
   author = {{Hahn}, O. and {Teyssier}, R. and {Carollo}, C.~M.},
    title = "{The Large-Scale Orientations of Disk Galaxies}",
  journal = {ArXiv e-prints},
archivePrefix = "arXiv",
   eprint = {1002.1964},
 keywords = {Astrophysics - Cosmology and Extragalactic Astrophysics},
     year = 2010,
    month = feb,
   adsurl = {http://adsabs.harvard.edu/abs/2010arXiv1002.1964H},
  adsnote = {Provided by the SAO/NASA Astrophysics Data System}
}

@ARTICLE{Heavens1988,
   author = {{Heavens}, A. and {Peacock}, J.},
    title = "{Tidal torques and local density maxima}",
  journal = {\mnras},
 keywords = {GALACTIC EVOLUTION, MASS DISTRIBUTION, POWER SPECTRA, SPACE DENSITY, TIDES, TORQUE, ASTRONOMICAL MODELS, COSMOLOGY, DENSITY DISTRIBUTION, GRAVITATIONAL COLLAPSE, PERTURBATION THEORY},
     year = 1988,
    month = may,
   volume = 232,
    pages = {339-360},
   adsurl = {http://adsabs.harvard.edu/abs/1988MNRAS.232..339H},
  adsnote = {Provided by the SAO/NASA Astrophysics Data System}
}

@ARTICLE{Heavens2000,
   author = {{Heavens}, A. and {Refregier}, A. and {Heymans}, C.},
    title = "{Intrinsic correlation of galaxy shapes: implications for weak lensing measurements}",
  journal = {\mnras},
   eprint = {arXiv:astro-ph/0005269},
 keywords = {GALAXIES: FORMATION, GALAXIES: FUNDAMENTAL PARAMETERS, GALAXIES: STATISTICS, COSMOLOGY: OBSERVATIONS, GRAVITATIONAL LENSING},
     year = 2000,
    month = dec,
   volume = 319,
    pages = {649-656},
   adsurl = {http://adsabs.harvard.edu/abs/2000MNRAS.319..649H},
  adsnote = {Provided by the SAO/NASA Astrophysics Data System}
}

@ARTICLE{Hernandez2007,
   author = {{Hernandez}, X. and {Park}, C. and {Cervantes-Sodi}, B. and
	{Choi}, Y.-Y.},
    title = "{Empirical distributions of galactic {$\lambda$} spin parameters from the Sloan Digital Sky Survey}",
  journal = {\mnras},
   eprint = {arXiv:astro-ph/0607605},
 keywords = {galaxies: formation , galaxies: fundamental parameters , galaxies: statistics , galaxies: structure , cosmology: miscellaneous , cosmology: observations},
     year = 2007,
    month = feb,
   volume = 375,
    pages = {163-170},
      doi = {10.1111/j.1365-2966.2006.11274.x},
   adsurl = {http://adsabs.harvard.edu/abs/2007MNRAS.375..163H},
  adsnote = {Provided by the SAO/NASA Astrophysics Data System}
}

@ARTICLE{Heymans2003,
   author = {{Heymans}, C. and {Heavens}, A.},
    title = "{Weak gravitational lensing: reducing the contamination by intrinsic alignments}",
  journal = {\mnras},
   eprint = {arXiv:astro-ph/0208220},
 keywords = {gravitational lensing, galaxies: formation, cosmology: observations, large-scale structure of Universe},
     year = 2003,
    month = mar,
   volume = 339,
    pages = {711-720},
      doi = {10.1046/j.1365-8711.2003.06213.x},
   adsurl = {http://adsabs.harvard.edu/abs/2003MNRAS.339..711H},
  adsnote = {Provided by the SAO/NASA Astrophysics Data System}
}

@ARTICLE{Heymans2004,
   author = {{Heymans}, C. and {Brown}, M. and {Heavens}, A. and {Meisenheimer}, K. and
	{Taylor}, A. and {Wolf}, C.},
    title = "{Weak lensing with COMBO-17: estimation and removal of intrinsic alignments}",
  journal = {\mnras},
   eprint = {arXiv:astro-ph/0310174},
     year = 2004,
    month = jan,
   volume = 347,
    pages = {895-908},
      doi = {10.1111/j.1365-2966.2004.07264.x},
   adsurl = {http://adsabs.harvard.edu/abs/2004MNRAS.347..895H},
  adsnote = {Provided by the SAO/NASA Astrophysics Data System}
}

@ARTICLE{Hirata2004,
   author = {{Hirata}, C.~M. and {Mandelbaum}, R. and {Seljak}, U. and {Guzik}, J. and
	{Padmanabhan}, N. and {Blake}, C. and {Brinkmann}, J. and {Bud{\'a}vari}, T. and
	{Connolly}, A. and {Csabai}, I. and {Scranton}, R. and {Szalay}, A.~S.
	},
    title = "{Galaxy-galaxy weak lensing in the Sloan Digital Sky Survey: intrinsic alignments and shear calibration errors}",
  journal = {\mnras},
   eprint = {arXiv:astro-ph/0403255},
 keywords = {gravitational lensing, galaxies: haloes},
     year = 2004,
    month = sep,
   volume = 353,
    pages = {529-549},
      doi = {10.1111/j.1365-2966.2004.08090.x},
   adsurl = {http://adsabs.harvard.edu/abs/2004MNRAS.353..529H},
  adsnote = {Provided by the SAO/NASA Astrophysics Data System}
}

@ARTICLE{Hirata2007,
   author = {{Hirata}, C.~M. and {Mandelbaum}, R. and {Ishak}, M. and {Seljak}, U. and
	{Nichol}, R. and {Pimbblet}, K.~A. and {Ross}, N.~P. and {Wake}, D.
	},
    title = "{Intrinsic galaxy alignments from the 2SLAQ and SDSS surveys: luminosity and redshift scalings and implications for weak lensing surveys}",
  journal = {\mnras},
   eprint = {arXiv:astro-ph/0701671},
 keywords = {gravitational lensing, cosmology: observations, large-scale structure of Universe},
     year = 2007,
    month = nov,
   volume = 381,
    pages = {1197-1218},
      doi = {10.1111/j.1365-2966.2007.12312.x},
   adsurl = {http://adsabs.harvard.edu/abs/2007MNRAS.381.1197H},
  adsnote = {Provided by the SAO/NASA Astrophysics Data System}
}

@ARTICLE{Hoffman1986,
   author = {{Hoffman}, Y.},
    title = "{Hierarchical clustering - Angular momentum versus density}",
  journal = {\apj},
 keywords = {ANGULAR MOMENTUM, COSMOLOGY, GALACTIC CLUSTERS, GALACTIC EVOLUTION, SPACE DENSITY, CORRELATION, DENSITY DISTRIBUTION, GALACTIC STRUCTURE, GRAVITATIONAL COLLAPSE, HIERARCHIES},
     year = 1986,
    month = feb,
   volume = 301,
    pages = {65-69},
      doi = {10.1086/163872},
   adsurl = {http://adsabs.harvard.edu/abs/1986ApJ...301...65H},
  adsnote = {Provided by the SAO/NASA Astrophysics Data System}
}

@ARTICLE{Hooper2007,
   author = {{Hooper}, D. and {Serpico}, P.~D.},
    title = "{Angular signatures of dark matter in the diffuse gamma ray background}",
  journal = {Journal of Cosmology and Astro-Particle Physics},
   eprint = {arXiv:astro-ph/0702328},
     year = 2007,
    month = jun,
   volume = 6,
    pages = {13-+},
      doi = {10.1088/1475-7516/2007/06/013},
   adsurl = {http://adsabs.harvard.edu/abs/2007JCAP...06..013H},
  adsnote = {Provided by the SAO/NASA Astrophysics Data System}
}

@ARTICLE{Hopkins2010,
   author = {{Hopkins}, P.~F. and {Quataert}, E.},
    title = "{An Analytic Model of Angular Momentum Transport by Gravitational Torques: From Galaxies to Massive Black Holes}",
  journal = {ArXiv e-prints},
archivePrefix = "arXiv",
   eprint = {1007.2647},
 keywords = {Astrophysics - Cosmology and Extragalactic Astrophysics, Astrophysics - Galaxy Astrophysics, Astrophysics - High Energy Astrophysical Phenomena},
     year = 2010,
    month = jul,
   adsurl = {http://adsabs.harvard.edu/abs/2010arXiv1007.2647H},
  adsnote = {Provided by the SAO/NASA Astrophysics Data System}
}


@ARTICLE{Hu1998,
   author = {{Hu}, F.~X. and {Yuan}, Q.~R. and {Su}, H.~J. and {Wu}, G.~X. and
	{Liu}, Y.~Z.},
    title = "{Orientation of Spin Vectors of Bright Field Disk Galaxies in the Local Supercluster and Its Implication}",
  journal = {\apj},
 keywords = {GALAXIES: CLUSTERS: INDIVIDUAL NAME: LOCAL SUPERCLUSTER, GALAXIES: KINEMATICS AND DYNAMICS, GALAXIES: STRUCTURE},
     year = 1998,
    month = mar,
   volume = 495,
    pages = {179-+},
      doi = {10.1086/305267},
   adsurl = {http://adsabs.harvard.edu/abs/1998ApJ...495..179H},
  adsnote = {Provided by the SAO/NASA Astrophysics Data System}
}

@ARTICLE{Hu2006,
   author = {{Hu}, F.~X. and {Wu}, G.~X. and {Song}, G.~X. and {Yuan}, Q.~R. and
	{Okamura}, S.},
    title = "{Orientation of Galaxies in the Local Supercluster: A Review}",
  journal = {\apss},
   eprint = {arXiv:astro-ph/0508669},
 keywords = {local supercluster, orientation, spin vectors, anisotropy},
     year = 2006,
    month = apr,
   volume = 302,
    pages = {43-59},
      doi = {10.1007/s10509-005-9006-7},
   adsurl = {http://adsabs.harvard.edu/abs/2006Ap%26SS.302...43H},
  adsnote = {Provided by the SAO/NASA Astrophysics Data System}
}

@ARTICLE{Hung2010,
   author = {{Hung}, {L.-W.} and {Banados}, E. and {De Propris}, R. and {West}, M.
	},
    title = "{The galaxy alignment effect in Abell 1689: evolution, radial and luminosity dependence}",
  journal = {ArXiv e-prints},
archivePrefix = "arXiv",
   eprint = {1007.2425},
 keywords = {Astrophysics - Cosmology and Extragalactic Astrophysics},
     year = 2010,
    month = jul,
   adsurl = {http://adsabs.harvard.edu/abs/2010arXiv1007.2425H},
  adsnote = {Provided by the SAO/NASA Astrophysics Data System}
}

@ARTICLE{Hwang2010,
   author = {{Hwang}, H.~S. and {Elbaz}, D. and {Lee}, J.~C. and {Jeong}, {W.-S.} and 
	{Park}, C. and {Lee}, M.~G. and {Lee}, H.~M.},
    title = "{Environmental Dependence of Local Luminous Infrared Galaxies}",
  journal = {ArXiv e-prints},
archivePrefix = "arXiv",
   eprint = {1006.2166},
 keywords = {Astrophysics - Cosmology and Extragalactic Astrophysics},
     year = 2010,
    month = jun,
   adsurl = {http://adsabs.harvard.edu/abs/2010arXiv1006.2166H},
  adsnote = {Provided by the SAO/NASA Astrophysics Data System}
}

@ARTICLE{Hwang2010a,
   author = {{Hwang}, H.~S. and {Park}, C.},
    title = "{Orbital Dependence of Galaxy Properties in Satellite Systems of Galaxies}",
  journal = {ArXiv e-prints},
archivePrefix = "arXiv",
   eprint = {1007.2051},
 keywords = {Astrophysics - Cosmology and Extragalactic Astrophysics},
     year = 2010,
    month = jul,
   adsurl = {http://adsabs.harvard.edu/abs/2010arXiv1007.2051H},
  adsnote = {Provided by the SAO/NASA Astrophysics Data System}
}


%I %%%

@ARTICLE{Ishiyama2010,
   author = {{Ishiyama}, T. and {Makino}, J. and {Ebisuzaki}, T.},
    title = "{Gamma-ray Signal from Earth-mass Dark Matter Microhalos}",
  journal = {ArXiv e-prints},
archivePrefix = "arXiv",
   eprint = {1006.3392},
 keywords = {Astrophysics - Cosmology and Extragalactic Astrophysics},
     year = 2010,
    month = jun,
   adsurl = {http://adsabs.harvard.edu/abs/2010arXiv1006.3392I},
  adsnote = {Provided by the SAO/NASA Astrophysics Data System}
}

%J %%%
@ARTICLE{Jing2002,
   author = {{Jing}, Y.~P.},
    title = "{Intrinsic correlation of halo ellipticity and its implications for large-scale weak lensing surveys}",
  journal = {\mnras},
   eprint = {arXiv:astro-ph/0206098},
 keywords = {gravitational lensing: cosmology: observations, cosmology: theory, dark matter, large-scale structure of Universe},
     year = 2002,
    month = oct,
   volume = 335,
    pages = {L89-L93},
      doi = {10.1046/j.1365-8711.2002.05899.x},
   adsurl = {http://adsabs.harvard.edu/abs/2002MNRAS.335L..89J},
  adsnote = {Provided by the SAO/NASA Astrophysics Data System}
}

%K %%%
@ARTICLE{Kasun2005,
   author = {{Kasun}, S.~F. and {Evrard}, A.~E.},
    title = "{Shapes and Alignments of Galaxy Cluster Halos}",
  journal = {\apj},
   eprint = {arXiv:astro-ph/0408056},
 keywords = {Cosmology: Theory, Galaxies: Clusters: General, Cosmology: Large-Scale Structure of Universe},
     year = 2005,
    month = aug,
   volume = 629,
    pages = {781-790},
      doi = {10.1086/430811},
   adsurl = {http://adsabs.harvard.edu/abs/2005ApJ...629..781K},
  adsnote = {Provided by the SAO/NASA Astrophysics Data System}
}

@ARTICLE{Kazantzidis2010,
   author = {{Kazantzidis}, S. and {Abadi}, M.~G. and {Navarro}, 
J.~F.},
    title = "{The Sphericalization of Dark Matter Halos by Galaxy 
Disks}",
  journal = {ArXiv e-prints},
archivePrefix = "arXiv",
   eprint = {1006.0537},
 keywords = {Astrophysics - Cosmology and Extragalactic Astrophysics, 
Astrophysics - Galaxy Astrophysics},
     year = 2010,
    month = jun,
   adsurl = {http://adsabs.harvard.edu/abs/2010arXiv1006.0537K},
  adsnote = {Provided by the SAO/NASA Astrophysics Data System}
}


@ARTICLE{Khokhlov1998,
   author = {{Khokhlov}, A.},
    title = "{Fully Threaded Tree Algorithms for Adaptive Refinement Fluid Dynamics Simulations}",
  journal = {Journal of Computational Physics},
   eprint = {arXiv:astro-ph/9701194},
     year = 1998,
    month = jul,
   volume = 143,
    pages = {519-543},
      doi = {10.1006/jcph.1998.9998},
   adsurl = {http://adsabs.harvard.edu/abs/1998JCoPh.143..519K},
  adsnote = {Provided by the SAO/NASA Astrophysics Data System}
}

@ARTICLE{Khoperskov2010,
   author = {{Khoperskov}, A. and {Eremin}, M. and {Khoperskov}, S. and {Butenko}, M. and 
	{Khrapov}, S.},
    title = "{Dynamics of galactic disks in the nonaxisymmetric dark halo}",
  journal = {ArXiv e-prints},
archivePrefix = "arXiv",
   eprint = {1007.2298},
 keywords = {Astrophysics - Cosmology and Extragalactic Astrophysics, Astrophysics - Galaxy Astrophysics},
     year = 2010,
    month = jul,
   adsurl = {http://adsabs.harvard.edu/abs/2010arXiv1007.2298K},
  adsnote = {Provided by the SAO/NASA Astrophysics Data System}
}



@ARTICLE{King2005,
   author = {{King}, L.~J.},
    title = "{Cosmic shear as a tool for precision cosmology: minimising intrinsic galaxy alignment-lensing interference}",
  journal = {\aap},
   eprint = {arXiv:astro-ph/0506441},
 keywords = {gravitational lensing, cosmology: cosmological parameters},
     year = 2005,
    month = oct,
   volume = 441,
    pages = {47-53},
      doi = {10.1051/0004-6361:20053330},
   adsurl = {http://adsabs.harvard.edu/abs/2005A%26A...441...47K},
  adsnote = {Provided by the SAO/NASA Astrophysics Data System}
}

@ARTICLE{Knollmann2009,
   author = {{Knollmann}, S.~R. and {Knebe}, A.},
    title = "{AHF: Amiga's Halo Finder}",
  journal = {\apjs},
archivePrefix = "arXiv",
   eprint = {0904.3662},
 keywords = {methods: numerical},
     year = 2009,
    month = jun,
   volume = 182,
    pages = {608-624},
      doi = {10.1088/0067-0049/182/2/608},
   adsurl = {http://adsabs.harvard.edu/abs/2009ApJS..182..608K},
  adsnote = {Provided by the SAO/NASA Astrophysics Data System}
}

%L %%%

@ARTICLE{Lau2010,
   author = {{Lau}, E.~T. and {Nagai}, D. and {Kravtsov}, A.~V. and {Zentner}, A.~R.
	},
    title = "{Shapes of Gas, Gravitational Potential and Dark Matter in Lambda-CDM Clusters}",
  journal = {ArXiv e-prints},
archivePrefix = "arXiv",
   eprint = {1003.2270},
 keywords = {Astrophysics - Cosmology and Extragalactic Astrophysics},
     year = 2010,
    month = mar,
   adsurl = {http://adsabs.harvard.edu/abs/2010arXiv1003.2270L},
  adsnote = {Provided by the SAO/NASA Astrophysics Data System}
}

@ARTICLE{Lee2007,
   author = {{Lee}, J. and {Erdogdu}, P.},
    title = "{The Alignments of the Galaxy Spins with the Real-Space Tidal Field Reconstructed from the 2MASS Redshift Survey}",
  journal = {\apj},
archivePrefix = "arXiv",
   eprint = {0706.1412},
 keywords = {Galaxies: Structure, Cosmology: Large-Scale Structure of Universe},
     year = 2007,
    month = dec,
   volume = 671,
    pages = {1248-1255},
      doi = {10.1086/523351},
   adsurl = {http://adsabs.harvard.edu/abs/2007ApJ...671.1248L},
  adsnote = {Provided by the SAO/NASA Astrophysics Data System}
}


%M %%%
@ARTICLE{Mercurio2010,
   author = {{Mercurio}, A. and {Haines}, C.~P. and {Gargiulo}, A. and {La Barbera}, F. and 
	{Merluzzi}, P. and {Busarello}, G.},
    title = "{Galaxy evolution as a function of environment and luminosity}",
  journal = {ArXiv e-prints},
archivePrefix = "arXiv",
   eprint = {1006.5001},
 keywords = {Astrophysics - Cosmology and Extragalactic Astrophysics},
     year = 2010,
    month = jun,
   adsurl = {http://adsabs.harvard.edu/abs/2010arXiv1006.5001M},
  adsnote = {Provided by the SAO/NASA Astrophysics Data System}
}

@ARTICLE{MunozCuartas2010,
   author = {{Mu{\~n}oz-Cuartas}, J.~C. and {Macci{\`o}}, A.~V. and {Gottl{\"o}ber}, S. and 
	{Dutton}, A.~A.},
    title = "{The Redshift Evolution of LCDM Halo Parameters: Concentration, Spin, and Shape}",
  journal = {ArXiv e-prints},
archivePrefix = "arXiv",
   eprint = {1007.0438},
 keywords = {Astrophysics - Cosmology and Extragalactic Astrophysics},
     year = 2010,
    month = jul,
   adsurl = {http://adsabs.harvard.edu/abs/2010arXiv1007.0438M},
  adsnote = {Provided by the SAO/NASA Astrophysics Data System}
}


%N %%%
@ARTICLE{Navarro1996,
   author = {{Navarro}, J.~F. and {Frenk}, C.~S. and {White}, S.~D.~M.},
    title = "{The Structure of Cold Dark Matter Halos}",
  journal = {\apj},
   eprint = {arXiv:astro-ph/9508025},
 keywords = {COSMOLOGY: THEORY, COSMOLOGY: DARK MATTER, GALAXIES: HALOS, METHODS: NUMERICAL},
     year = 1996,
    month = may,
   volume = 462,
    pages = {563-+},
      doi = {10.1086/177173},
   adsurl = {http://adsabs.harvard.edu/abs/1996ApJ...462..563N},
  adsnote = {Provided by the SAO/NASA Astrophysics Data System}
}
@ARTICLE{Navarro1997,
   author = {{Navarro}, J.~F. and {Frenk}, C.~S. and {White}, S.~D.~M.},
    title = "{A Universal Density Profile from Hierarchical Clustering}",
  journal = {\apj},
   eprint = {arXiv:astro-ph/9611107},
 keywords = {COSMOLOGY: THEORY, COSMOLOGY: DARK MATTER, GALAXIES: HALOS, METHODS: NUMERICAL},
     year = 1997,
    month = dec,
   volume = 490,
    pages = {493-+},
      doi = {10.1086/304888},
   adsurl = {http://adsabs.harvard.edu/abs/1997ApJ...490..493N},
  adsnote = {Provided by the SAO/NASA Astrophysics Data System}
}

%O %%%
%P %%%

@ARTICLE{Peebles1969,
   author = {{Peebles}, P.~J.~E.},
    title = "{Origin of the Angular Momentum of Galaxies}",
  journal = {\apj},
     year = 1969,
    month = feb,
   volume = 155,
    pages = {393-+},
      doi = {10.1086/149876},
   adsurl = {http://adsabs.harvard.edu/abs/1969ApJ...155..393P},
  adsnote = {Provided by the SAO/NASA Astrophysics Data System}
}

@ARTICLE{Pereira2008,
   author = {{Pereira}, M.~J. and {Bryan}, G.~L. and {Gill}, S.~P.~D.},
    title = "{Radial Alignment in Simulated Clusters}",
  journal = {\apj},
   eprint = {arXiv:0707.1702},
 keywords = {Galaxies: Clusters: General, Galaxies: Kinematics and Dynamics, Methods: n-Body Simulations},
     year = 2008,
    month = jan,
   volume = 672,
    pages = {825-833},
      doi = {10.1086/523830},
   adsurl = {http://adsabs.harvard.edu/abs/2008ApJ...672..825P},
  adsnote = {Provided by the SAO/NASA Astrophysics Data System}
}


@ARTICLE{Planelles2010,
   author = {{Planelles}, S. and {Quilis}, V.},
    title = "{ASOHF: a new adaptive spherical overdensity halo finder}",
  journal = {ArXiv e-prints},
archivePrefix = "arXiv",
   eprint = {1006.3205},
 keywords = {Astrophysics - Cosmology and Extragalactic Astrophysics},
     year = 2010,
    month = jun,
   adsurl = {http://adsabs.harvard.edu/abs/2010arXiv1006.3205P},
  adsnote = {Provided by the SAO/NASA Astrophysics Data System}
}


@ARTICLE{Ponente2010,
   author = {{Ponente}, P.~P. and {Diego}, J.~M. and {Sheth}, R.~K. and {Burigana}, C. and 
	{Knollmann}, S.~R. and {Ascasibar}, Y.},
    title = "{The cosmological free-free signal from galaxy groups and clusters}",
  journal = {ArXiv e-prints},
archivePrefix = "arXiv",
   eprint = {1006.2243},
 keywords = {Astrophysics - Cosmology and Extragalactic Astrophysics},
     year = 2010,
    month = jun,
   adsurl = {http://adsabs.harvard.edu/abs/2010arXiv1006.2243P},
  adsnote = {Provided by the SAO/NASA Astrophysics Data System}
}


@ARTICLE{Porciani2002a,
   author = {{Porciani}, C. and {Dekel}, A. and {Hoffman}, Y.},
    title = "{Testing tidal-torque theory - I. Spin amplitude and direction}",
  journal = {\mnras},
   eprint = {arXiv:astro-ph/0105123},
 keywords = {galaxies: formation, galaxies: haloes, galaxies: structure, cosmology: theory, dark matter, large-scale structure of Universe},
     year = 2002,
    month = may,
   volume = 332,
    pages = {325-338},
      doi = {10.1046/j.1365-8711.2002.05305.x},
   adsurl = {http://adsabs.harvard.edu/abs/2002MNRAS.332..325P},
  adsnote = {Provided by the SAO/NASA Astrophysics Data System}
}

@ARTICLE{Porciani2002b,
   author = {{Porciani}, C. and {Dekel}, A. and {Hoffman}, Y.},
    title = "{Testing tidal-torque theory - II. Alignment of inertia and shear and the characteristics of protohaloes}",
  journal = {\mnras},
   eprint = {arXiv:astro-ph/0105165},
 keywords = {galaxies: formation, galaxies: haloes, galaxies: structure, cosmology: theory, dark matter, large-scale structure of Universe},
     year = 2002,
    month = may,
   volume = 332,
    pages = {339-351},
      doi = {10.1046/j.1365-8711.2002.05306.x},
   adsurl = {http://adsabs.harvard.edu/abs/2002MNRAS.332..339P},
  adsnote = {Provided by the SAO/NASA Astrophysics Data System}
}

%Q
%R
%S

@ARTICLE{Sales2010,
   author = {{Sales}, L.~V. and {Navarro}, J.~F. and {Schaye}, J. and {Dalla Vecchia}, C. and 
	{Springel}, V. and {Booth}, C.~M.},
    title = "{Feedback and the Structure of Simulated Galaxies at redshift z=2}",
  journal = {ArXiv e-prints},
archivePrefix = "arXiv",
   eprint = {1004.5386},
 keywords = {Astrophysics - Cosmology and Extragalactic Astrophysics},
     year = 2010,
    month = apr,
   adsurl = {http://adsabs.harvard.edu/abs/2010arXiv1004.5386S},
  adsnote = {Provided by the SAO/NASA Astrophysics Data System}
}

@ARTICLE{Schaefer2008,
   author = {{Schaefer}, B.~M.},
    title = "{Review: galactic angular momenta and angular momentum correlations in the cosmological large-scale structure}",
  journal = {ArXiv e-prints},
archivePrefix = "arXiv",
   eprint = {0808.0203},
 keywords = {Astrophysics},
     year = 2008,
    month = aug,
   adsurl = {http://adsabs.harvard.edu/abs/2008arXiv0808.0203S},
  adsnote = {Provided by the SAO/NASA Astrophysics Data System}
}

@ARTICLE{Schaefer2009,
   author = {{Sch{\"a}fer}, B.~M.},
    title = "{Galactic Angular Momenta and Angular Momentum Correlations in the Cosmological Large-Scale Structure}",
  journal = {International Journal of Modern Physics D},
archivePrefix = "arXiv",
   eprint = {0808.0203},
 keywords = {Cosmology, large-scale structure, gravitational lensing},
     year = 2009,
   volume = 18,
    pages = {173-222},
      doi = {10.1142/S0218271809014388},
   adsurl = {http://adsabs.harvard.edu/abs/2009IJMPD..18..173S},
  adsnote = {Provided by the SAO/NASA Astrophysics Data System}
}

@ARTICLE{Shandarin1989,
   author = {{Shandarin}, S.~F. and {Zeldovich}, Y.~B.},
    title = "{The large-scale structure of the universe: Turbulence, intermittency, structures in a self-gravitating medium}",
  journal = {Reviews of Modern Physics},
     year = 1989,
    month = apr,
   volume = 61,
    pages = {185-220},
      doi = {10.1103/RevModPhys.61.185},
   adsurl = {http://adsabs.harvard.edu/abs/1989RvMP...61..185S},
  adsnote = {Provided by the SAO/NASA Astrophysics Data System}
}

@ARTICLE{Sharma2005,
   author = {{Sharma}, S. and {Steinmetz}, M.},
    title = "{The Angular Momentum Distribution of Gas and Dark Matter in Galactic Halos}",
  journal = {\apj},
   eprint = {arXiv:astro-ph/0406533},
 keywords = {Cosmology: Dark Matter, Galaxies: Formation, Galaxies: Halos, Galaxies: Structure},
     year = 2005,
    month = jul,
   volume = 628,
    pages = {21-44},
      doi = {10.1086/430660},
   adsurl = {http://adsabs.harvard.edu/abs/2005ApJ...628...21S},
  adsnote = {Provided by the SAO/NASA Astrophysics Data System}
}


@ARTICLE{Skillman2010,
   author = {{Skillman}, S.~W. and {Hallman}, E.~J. and {O'Shea}, B.~W. and 
	{Burns}, J.~O. and {Smith}, B.~D. and {Turk}, M.~J.},
    title = "{Galaxy Cluster Radio Relics in Adaptive Mesh Refinement Cosmological Simulations: Relic Properties and Scaling Relationships}",
  journal = {ArXiv e-prints},
archivePrefix = "arXiv",
   eprint = {1006.3559},
 keywords = {Astrophysics - Cosmology and Extragalactic Astrophysics},
     year = 2010,
    month = jun,
   adsurl = {http://adsabs.harvard.edu/abs/2010arXiv1006.3559S},
  adsnote = {Provided by the SAO/NASA Astrophysics Data System}
}


@ARTICLE{Springel2005,
   author = {{Springel}, V.},
    title = "{The cosmological simulation code GADGET-2}",
  journal = {\mnras},
     year = 2005,
    month = dec,
   volume = 364,
    pages = {1105-1134},
      doi = {10.1111/j.1365-2966.2005.09655.x},
   adsurl = {http://adsabs.harvard.edu/cgi-bin/nph-bib_query?bibcode=2005MNRAS.364.1105S&db_key=AST},
  adsnote = {Provided by the Smithsonian/NASA Astrophysics Data System}
}


@ARTICLE{Sutter2010,
   author = {{Sutter}, P.~M. and {Ricker}, P.~M.},
    title = "{Examining subgrid models of supermassive black holes in cosmological simulation}",
  journal = {ArXiv e-prints},
archivePrefix = "arXiv",
   eprint = {1006.2879},
 keywords = {Astrophysics - Cosmology and Extragalactic Astrophysics},
     year = 2010,
    month = jun,
   adsurl = {http://adsabs.harvard.edu/abs/2010arXiv1006.2879S},
  adsnote = {Provided by the SAO/NASA Astrophysics Data System}
}


%T

@ARTICLE{Tegmark2004,
   author = {{Tegmark}, M. and {Blanton}, M.~R. and {Strauss}, M.~A. and 
	{Hoyle}, F. and {Schlegel}, D. and {Scoccimarro}, R. and {Vogeley}, M.~S. and 
	{Weinberg}, D.~H. and {Zehavi}, I. and {Berlind}, A. and {Budavari}, T.},
    title = "{The Three-Dimensional Power Spectrum of Galaxies from the Sloan Digital Sky Survey}",
  journal = {\apj},
   eprint = {arXiv:astro-ph/0310725},
 keywords = {Galaxies: Statistics, Cosmology: Large-Scale Structure of Universe, Methods: Data Analysis},
     year = 2004,
    month = may,
   volume = 606,
    pages = {702-740},
      doi = {10.1086/382125},
   adsurl = {http://adsabs.harvard.edu/abs/2004ApJ...606..702T},
  adsnote = {Provided by the SAO/NASA Astrophysics Data System}
}
%%	{Connolly}, A. and {Eisenstein}, D.~J. and {Finkbeiner}, D. and 
%%	{Frieman}, J.~A. and {Gunn}, J.~E. and {Hamilton}, A.~J.~S. and 
%%	{Hui}, L. and {Jain}, B. and {Johnston}, D. and {Kent}, S. and 
%%	{Lin}, H. and {Nakajima}, R. and {Nichol}, R.~C. and {Ostriker}, J.~P. and 
%%	{Pope}, A. and {Scranton}, R. and {Seljak}, U. and {Sheth}, R.~K. and 
%%	{Stebbins}, A. and {Szalay}, A.~S. and {Szapudi}, I. and {Verde}, L. and 
%%	{Xu}, Y. and {Annis}, J. and {Bahcall}, N.~A. and {Brinkmann}, J. and
%%      {Burles}, S. and {Castander}, F.~J. and {Csabai}, I. and {Loveday}, J. and 
%%	{Doi}, M. and {Fukugita}, M. and {Gott}, III, J.~R. and {Hennessy}, G. and 
%%	{Hogg}, D.~W. and {Ivezi{\'c}}, {\v Z}. and {Knapp}, G.~R. and 
%%	{Lamb}, D.~Q. and {Lee}, B.~C. and {Lupton}, R.~H. and {McKay}, T.~A. and 
%%	{Kunszt}, P. and {Munn}, J.~A. and {O'Connell}, L. and {Peoples}, J. and 
%%	{Pier}, J.~R. and {Richmond}, M. and {Rockosi}, C. and {Schneider}, D.~P. and 
%%	{Stoughton}, C. and {Tucker}, D.~L. and {Vanden Berk}, D.~E. and 
%%	{Yanny}, B. and {York}, D.~G.},


@ARTICLE{Teyssier2002,
   author = {{Teyssier}, R.},
    title = "{Cosmological hydrodynamics with adaptive mesh refinement. A new high resolution code called RAMSES}",
  journal = {\aap},
   eprint = {arXiv:astro-ph/0111367},
 keywords = {GRAVITATION, HYDRODYNAMICS, METHODS: NUMERICAL, COSMOLOGY: THEORY, COSMOLOGY: LARGE-SCALE STRUCTURE OF UNIVERSE},
     year = 2002,
    month = apr,
   volume = 385,
    pages = {337-364},
      doi = {10.1051/0004-6361:20011817},
   adsurl = {http://adsabs.harvard.edu/abs/2002A%26A...385..337T},
  adsnote = {Provided by the SAO/NASA Astrophysics Data System}
}

@ARTICLE{Teyssier2010,
   author = {{Teyssier}, R. and {Chapon}, D. and {Bournaud}, F.},
    title = "{The driving mechanism of starbursts in galaxy mergers}",
  journal = {ArXiv e-prints},
archivePrefix = "arXiv",
   eprint = {1006.4757},
 keywords = {Astrophysics - Cosmology and Extragalactic Astrophysics},
     year = 2010,
    month = jun,
   adsurl = {http://adsabs.harvard.edu/abs/2010arXiv1006.4757T},
  adsnote = {Provided by the SAO/NASA Astrophysics Data System}
}



%U %%%
%V %%%

@ARTICLE{Valluri2010,
   author = {{Valluri}, M. and {Debattista}, V.~P. and {Quinn}, T. and {Moore}, B.
	},
    title = "{New tools for probing the phase space structure of dark matter halos}",
  journal = {ArXiv e-prints},
archivePrefix = "arXiv",
   eprint = {1002.0640},
 keywords = {Astrophysics - Cosmology and Extragalactic Astrophysics, Astrophysics - Galaxy Astrophysics},
     year = 2010,
    month = feb,
   adsurl = {http://adsabs.harvard.edu/abs/2010arXiv1002.0640V},
  adsnote = {Provided by the SAO/NASA Astrophysics Data System}
}

@ARTICLE{VanDenBosch2002,
   author = {{van den Bosch}, F.~C. and {Abel}, T. and {Croft}, R.~A.~C. and
	{Hernquist}, L. and {White}, S.~D.~M.},
    title = "{The Angular Momentum of Gas in Protogalaxies. I. Implications for the Formation of Disk Galaxies}",
  journal = {\apj},
   eprint = {arXiv:astro-ph/0201095},
 keywords = {Cosmology: Dark Matter, Galaxies: Formation, Galaxies: Halos, Galaxies: Structure, Methods: n-Body Simulations},
     year = 2002,
    month = sep,
   volume = 576,
    pages = {21-35},
      doi = {10.1086/341619},
   adsurl = {http://adsabs.harvard.edu/abs/2002ApJ...576...21V},
  adsnote = {Provided by the SAO/NASA Astrophysics Data System}
}

@ARTICLE{VanDenBosch2005,
   author = {{van den Bosch}, F.~C. and {Tormen}, G. and {Giocoli}, C.},
    title = "{The mass function and average mass-loss rate of dark matter subhaloes}",
  journal = {\mnras},
   eprint = {arXiv:astro-ph/0409201},
     year = 2005,
    month = may,
   volume = 359,
    pages = {1029-1040},
      doi = {10.1111/j.1365-2966.2005.08964.x},
   adsurl = {http://adsabs.harvard.edu/abs/2005MNRAS.359.1029V},
  adsnote = {Provided by the SAO/NASA Astrophysics Data System}
}


@ARTICLE{VanDeWeygaert2010,
   author = {{van de Weygaert}, R. and {Vegter}, G. and {Platen}, E. and 
	{Eldering}, B. and {Kruithof}, N.},
    title = "{Alpha Shape Topology of the Cosmic Web}",
  journal = {ArXiv e-prints},
archivePrefix = "arXiv",
   eprint = {1006.2765},
 keywords = {Astrophysics - Cosmology and Extragalactic Astrophysics},
     year = 2010,
    month = jun,
   adsurl = {http://adsabs.harvard.edu/abs/2010arXiv1006.2765V},
  adsnote = {Provided by the SAO/NASA Astrophysics Data System}
}


@ARTICLE{Vio2010,
   author = {{Vio}, R. and {Andreani}, P. and {Biggs}, A.},
    title = "{Unevenly-sampled signals: a general formalism of the Lomb-Scargle periodogram}",
  journal = {ArXiv e-prints},
archivePrefix = "arXiv",
   eprint = {1006.2473},
 keywords = {Astrophysics - Cosmology and Extragalactic Astrophysics, Mathematical Physics, Physics - Data Analysis, Statistics and Probability},
     year = 2010,
    month = jun,
   adsurl = {http://adsabs.harvard.edu/abs/2010arXiv1006.2473V},
  adsnote = {Provided by the SAO/NASA Astrophysics Data System}
}


%W %%%

@ARTICLE{Wagner2010,
   author = {{Wagner}, C. and {Verde}, L. and {Boubekeur}, L.},
    title = "{N-body simulations with generic non-Gaussian initial conditions I: Power Spectrum and halo mass function}",
  journal = {ArXiv e-prints},
archivePrefix = "arXiv",
   eprint = {1006.5793},
 keywords = {Astrophysics - Cosmology and Extragalactic Astrophysics},
     year = 2010,
    month = jun,
   adsurl = {http://adsabs.harvard.edu/abs/2010arXiv1006.5793W},
  adsnote = {Provided by the SAO/NASA Astrophysics Data System}
}


@ARTICLE{Wang2008,
   author = {{Wang}, Y. and {Park}, C. and {Yang}, X. and {Choi}, Y.-Y. and
	{Chen}, X.},
    title = "{Alignment between the host and the nearest neighbor Groups}",
  journal = {ArXiv e-prints},
archivePrefix = "arXiv",
   eprint = {0810.3359},
 keywords = {Astrophysics},
     year = 2008,
    month = oct,
   adsurl = {http://adsabs.harvard.edu/abs/2008arXiv0810.3359W},
  adsnote = {Provided by the SAO/NASA Astrophysics Data System}
}

@ARTICLE{Wang2010,
   author = {{Wang}, Y. and {Park}, C. and {Hwang}, H.~S. and {Chen}, X.},
    title = "{Distribution of satellite galaxies in high redshift groups}",
  journal = {ArXiv e-prints},
archivePrefix = "arXiv",
   eprint = {1006.0775},
 keywords = {Astrophysics - Galaxy Astrophysics},
     year = 2010,
    month = jun,
   adsurl = {http://adsabs.harvard.edu/abs/2010arXiv1006.0775W},
  adsnote = {Provided by the SAO/NASA Astrophysics Data System}
}

@ARTICLE{Wang2010a,
   author = {{Wang}, H. and {Mo}, H.~J. and {Jing}, Y.~P. and {Yang}, X. and 
	{Wang}, Y.},
    title = "{Internal properties and environments of dark matter halos}",
  journal = {ArXiv e-prints},
archivePrefix = "arXiv",
   eprint = {1007.0612},
 keywords = {Astrophysics - Cosmology and Extragalactic Astrophysics},
     year = 2010,
    month = jul,
   adsurl = {http://adsabs.harvard.edu/abs/2010arXiv1007.0612W},
  adsnote = {Provided by the SAO/NASA Astrophysics Data System}
}



@ARTICLE{White1978,
   author = {{White}, S.~D.~M. and {Rees}, M.~J.},
    title = "{Core condensation in heavy halos - A two-stage theory for galaxy formation and clustering}",
  journal = {\mnras},
 keywords = {ASTRONOMICAL MODELS, GALACTIC CLUSTERS, GALACTIC EVOLUTION, GALACTIC NUCLEI, GRAVITATIONAL EFFECTS, HALOS, CRITICAL MASS, DARK MATTER, DYNAMIC MODELS, INTERSTELLAR GAS, LUMINOSITY, MANY BODY PROBLEM, RED SHIFT},
     year = 1978,
    month = may,
   volume = 183,
    pages = {341-358},
   adsurl = {http://adsabs.harvard.edu/abs/1978MNRAS.183..341W},
  adsnote = {Provided by the SAO/NASA Astrophysics Data System}
}

%X %%%
%Y %%%
@ARTICLE{Yang2006,
   author = {{Yang}, X. and {Mo}, H.~J. and {van den Bosch}, F.~C. and {Jing}, Y.~P. and 
	{Weinmann}, S.~M. and {Meneghetti}, M.},
    title = "{Weak lensing by galaxies in groups and clusters - I. Theoretical expectations}",
  journal = {\mnras},
   eprint = {arXiv:astro-ph/0607552},
 keywords = {gravitational lensing, methods: statistical, galaxies: haloes, dark matter, large-scale structure of Universe},
     year = 2006,
    month = dec,
   volume = 373,
    pages = {1159-1172},
      doi = {10.1111/j.1365-2966.2006.11091.x},
   adsurl = {http://adsabs.harvard.edu/abs/2006MNRAS.373.1159Y},
  adsnote = {Provided by the SAO/NASA Astrophysics Data System}
}

%Z %%%

@ARTICLE{Zel'Dovich1970,
   author = {{Zel'Dovich}, Y.~B.},
    title = "{Gravitational instability: An approximate theory for large density perturbations.}",
  journal = {\aap},
     year = 1970,
    month = mar,
   volume = 5,
    pages = {84-89},
   adsurl = {http://adsabs.harvard.edu/abs/1970A%26A.....5...84Z},
  adsnote = {Provided by the SAO/NASA Astrophysics Data System}
}

@ARTICLE{Zhan2010,
   author = {{Zhang}, Y. and {Springel}, V. and {Yang}, X.},
    title = "{Genus statistics using the Delaunay tessellation field estimation method: (I) tests with the Millennium Simulation and the SDSS DR7}",
  journal = {ArXiv e-prints},
archivePrefix = "arXiv",
   eprint = {1006.3768},
 keywords = {Astrophysics - Cosmology and Extragalactic Astrophysics},
     year = 2010,
    month = jun,
   adsurl = {http://adsabs.harvard.edu/abs/2010arXiv1006.3768Z},
  adsnote = {Provided by the SAO/NASA Astrophysics Data System}
}
