
@Article{foo:72,
  author = 	 {Foo, N.},
  title = 	 "Article by Foo",
  journal = 	 "Journal of Foo",
  volume =       3,
  year = 	 1972,
  pages =	 "361--370",
  month =	 dec
}

@InProceedings{smiths1,
  author = 	 { Smith, Abraham A. and
                   Bartholomew B.~Smith and
                   Smith, Christopher C. },
  title = 	 "Smiths Rule",
  booktitle = 	 "A Book by a Few Smiths",
  year =	 1998,
  pages =	 23,
  editor =	 {J.~J.~Doe and X.~X.~Man},
  volume =	 64,
  series =	 "Smith Conf. Proc.",
  address =	 "Smithville, CA",
  publisher =	 "Smith Publishing",
}

@Book{smiths2,
  author =	 { A.~A.~Smith and
                   B.~B.~Smith and
                   C.~C.~Smith and
                   D.~D.~Smith and
                   E.~E.~Smith and
                   F.~F.~Smith and
                   G.~G.~Smith and
                   H.~H.~Smith and
                   I.~I.~Smith and
                   J.~J.~Smith and
                   K.~K.~Smith and
                   L.~L.~Smith and
                   M.~M.~Smith and
                   N.~N.~Smith and others },
  title = 	 "A Book by Many Smiths",
  publisher = 	 "Smith Publishing",
  year = 	 1998,
  address =	 "Smithville, CA",
  series = "Smith Series",
  volume =	 2,
  OPTedition =     10,
  pages = "67"
}

@PhdThesis{baker:99,
  author = 	 {J.~E.~Baker},
  title = 	 "My PhD Thesis",
  school = 	 "Univ. California",
  year = 	 1999
}

@MastersThesis{baker:95,
  author = 	 {Baker, J.~E.},
  title = 	 "My MA Thesis",
  school = 	 "Univ. California",
  year = 	 1995
}

@Manual{baker:95b,
  author =       {Baker, J.~E. and Garibaldi, M.},
  title =        "B5 Manual",
  year =         1995,
  OPTedition =      5
}
