


@ARTICLE{2012ApJ...744...25C,
   author = {{Carlin}, J.~L. and {Majewski}, S.~R. and {Casetti-Dinescu}, D.~I. and {Law}, D.~R. and {Girard}, T.~M. and {Patterson}, R.~J.},
    title = "{Kinematics and Chemistry of Stars along the Sagittarius Trailing Tidal Tail and Constraints on the Milky Way Mass Distribution}",
  journal = {\apj},
archivePrefix = "arXiv",
   eprint = {1111.0014},
 primaryClass = "astro-ph.GA",
 keywords = {galaxies: individual: Sagittarius dwarf spheroidal, Galaxy: fundamental parameters, Galaxy: kinematics and dynamics, Galaxy: structure},
     year = 2012,
    month = jan,
   volume = 744,
      eid = {25},
    pages = {25},
      doi = {10.1088/0004-637X/744/1/25},
   adsurl = {http://adsabs.harvard.edu/abs/2012ApJ...744...25C},
  adsnote = {Provided by the SAO/NASA Astrophysics Data System}
}
